<?xml version="1.0" encoding="UTF-8"?><collection xmlns="http://www.loc.gov/MARC21/slim"><record><leader>00410nam--2200133-i-4500</leader><controlfield tag="001">000004208</controlfield><controlfield tag="002">20161230</controlfield><controlfield tag="005">20161230201025</controlfield><controlfield tag="008">060222s1000------------r-----000-0-eng-d</controlfield><datafield ind1=" " ind2=" " tag="100"><subfield code="a">Britton Hubert T.Ws</subfield></datafield><datafield ind1=" " ind2=" " tag="245"><subfield code="a">Hydrogen ions. their determination and impor tance in pure and industrial chemistry</subfield></datafield><datafield ind1=" " ind2=" " tag="260"><subfield code="a">London, Chapman &amp; Hall Ltd., 1955 Xix + 476 P</subfield></datafield><datafield ind1=" " ind2=" " tag="490"><subfield code="a">Monographs On Appl. Chem</subfield></datafield><datafield ind1=" " ind2=" " tag="852"><subfield code="a">12421</subfield></datafield></record></collection>